@inproceedings{kipf2017semi,
  title={Semi-Supervised Classification with Graph Convolutional Networks},
  author={Kipf, Thomas N. and Welling, Max},
  booktitle={International Conference on Learning Representations (ICLR)},
  year={2017}
}

@inproceedings{Perozzi:2014:DOL:2623330.2623732,
 author = {Perozzi, Bryan and Al-Rfou, Rami and Skiena, Steven},
 title = {DeepWalk: Online Learning of Social Representations},
 booktitle = {Proceedings of the 20th ACM SIGKDD International Conference on Knowledge Discovery and Data Mining},
 series = {KDD '14},
 year = {2014},
 isbn = {978-1-4503-2956-9},
 location = {New York, New York, USA},
 pages = {701--710},
 numpages = {10},
 url = {http://doi.acm.org/10.1145/2623330.2623732},
 doi = {10.1145/2623330.2623732},
 acmid = {2623732},
 publisher = {ACM},
 address = {New York, NY, USA},
 keywords = {deep learning, latent representations, learning with partial labels, network classification, online learning, social networks},
}


@inproceedings{node2vec-kdd2016,
author = {Grover, Aditya and Leskovec, Jure},
 title = {node2vec: Scalable Feature Learning for Networks},
 booktitle = {Proceedings of the 22nd ACM SIGKDD International Conference on Knowledge Discovery and Data Mining},
 year = {2016}
}


@article{
  velickovic2018graph,
  title="{Graph Attention Networks}",
  author={Veli{\v{c}}kovi{\'{c}}, Petar and Cucurull, Guillem and Casanova, Arantxa and Romero, Adriana and Li{\`{o}}, Pietro and Bengio, Yoshua},
  journal={International Conference on Learning Representations},
  year={2018},
  url={https://openreview.net/forum?id=rJXMpikCZ},
  note={accepted as poster},
}

